% Use Google Scholar or other online generators to help you generate citations in BibTeX form.

% Reference

@online{HovercraftImage,
  title        = {Hovercraft structure image},
  author       = {{LZS100.com}},
  year         = {2020},
  url          = {https://www.lzs100.com/zb_users/upload/2020/02/202002221582367472957566.jpg},
  note         = {Accessed: 2025-07-20}
}

@book{yun1990hovercraft,
  title     = {Hovercraft: Principles and Design},
  author    = {Liang Yun},
  year      = {1990},
  publisher = {National Defense Industry Press}
}

@book{amyot2013hovercraft,
  title={Hovercraft technology, economics and applications},
  author={Amyot, Joseph R},
  volume={11},
  year={2013},
  publisher={Elsevier}
}

@article{mair1964physical,
  title={The physical principles of hovercraft},
  author={Mair, W. A.},
  journal={The Aeronautical Journal},
  volume={68},
  number={646},
  pages={683--691},
  year={1964},
  publisher={Cambridge University Press}
}

@article{chun2011study,
  title={A Study on surge and stall under the interaction of parallel axial flow fan in tunnel},
  author={Chun, GUO and Mingnian, WANG and Zhaozhi, Tang},
  journal={Noise \& Vibration Worldwide},
  volume={42},
  number={11},
  pages={9--14},
  year={2011},
  publisher={SAGE Publications Sage UK: London, England}
}

@book{kahneman2021noise,
  title={Noise: A Flaw in Human Judgment},
  author={Kahneman, Daniel and Sibony, Olivier and Sunstein, Cass R.},
  year={2021},
  publisher={William Collins},
  address={London},
  note={E-book, English}
}


@book{national1994sound,
  title={Sound and vibration design and analysis},
  author={National Environmental Balancing Bureau (US)},
  year={1994},
  publisher={NEBB}
}

@article{sardoueinasab2018energy,
  title={Energy modeling and analysis of inherent air leakage from parallel fan-powered terminal units using EMS in EnergyPlus},
  author={Sardoueinasab, Zahra and Yin, Peng and O'Neal, Dennis},
  journal={Energy and Buildings},
  volume={176},
  pages={109--119},
  year={2018},
  publisher={Elsevier}
}


% Sample

@article{Berman1983,
   author       = "G. P. Berman, Jr. and F. M. Izrailev, Jr.",
   title        = "Stability of nonlinear modes",
   journal      = "Physica D",
   volume       = "88", 
   pages        = "445",
   year         = "1983",
}

@article{Davies1998,
   author       = "E. B. Davies and L. Parns", 
   title        = "Trapped modes in acoustic waveguides", 
   journal      = "Q. J. Mech. Appl. Math.", 
   volume       = "51", 
   pages        = "477--492", 
   year         = "1988", 
}

@article{lauga2009hydrodynamics,
  title={The hydrodynamics of swimming microorganisms},
  author={Lauga, Eric and Powers, Thomas R},
  journal={Reports on progress in physics},
  volume={72},
  number={9},
  pages={096601},
  year={2009},
  publisher={IOP Publishing}
}

@article{jones1961design,
  title={SOME DESIGN PROBLEMS OF HOVERCRAFT},
  author={Jones, R. Stanton.},
  year={1961},
}

@article{crewe1960hovercraft,
  title={The Hovercraft: A New Concept in Maritime Transport},
  author={Crewe, Peter R.},
  year={1960},
}